@article{opencv_library,
    author = {Bradski, G.},
    citeulike-article-id = {2236121},
    journal = {Dr. Dobb's Journal of Software Tools},
    keywords = {bibtex-import},
    posted-at = {2008-01-15 19:21:54},
    priority = {4},
    title = {{The OpenCV Library}},
    year = {2000}
}
@misc{web:opencv,
      author = {OpenCV dev team},
      title = {OpenCV Tutorials - Template Matching},
      month = "November",
      year = "2013",
      note = {Tutorial je dostupan na \url{http://docs.opencv.org/doc/tutorials/imgproc/histograms/template_matching/template_matching.html}}
}
